@misc{cxxopts,
  title = {Cxxopts: Lightweight C++ command line option parser},
  howpublished = {\url{https://github.com/jarro2783/cxxopts}}
  
}